article{art1,
    author = "",
    title = "",
    journal = "",
    volume = "",
    number = "",
    pages = "",
    year = "",
    month = ""
}
@misc{flask, title={Flask (A Python Microframework)}, url={http://flask.pocoo.org/}, accessed = {2018-12-15}}

@misc{kodo, title={Kodo (Erasure Correcting Codes)}, url={http://www.steinwurf.com/products/kodo.html}, journal={STEINWURF|kodo}}